% !Mode:: "TeX:UTF-8"

% Attractor - Community detection in graphs
@article{fortunato2010community,
  title={Community detection in graphs},
  author={Fortunato, Santo},
  journal={Physics Reports},
  volume={486},
  number={3},
  pages={75--174},
  year={2010},
  publisher={Elsevier}
}
% Attractor - Graph clustering
@article{schaeffer2007graph,
  title={Graph clustering},
  author={Schaeffer, Satu Elisa},
  journal={Computer Science Review},
  volume={1},
  number={1},
  pages={27--64},
  year={2007},
  publisher={Elsevier}
}
% Attractor - Jaccard
@incollection{hennig2006design,
  title={Design of dissimilarity measures: A new dissimilarity between species distribution areas},
  author={Hennig, Christian and Hausdorf, Bernhard},
  booktitle={Data Science and Classification},
  pages={29--37},
  year={2006},
  publisher={Springer}
}

% Attractor - NMI
@article{strehl2003cluster,
  title={Cluster ensembles---a knowledge reuse framework for combining multiple partitions},
  author={Strehl, Alexander and Ghosh, Joydeep},
  journal={The Journal of Machine Learning Research},
  volume={3},
  pages={583--617},
  year={2003},
  publisher={JMLR. org}
}
% Attractor - ARI
@article{rand1971objective,
  title={Objective criteria for the evaluation of clustering methods},
  author={Rand, William M},
  journal={Journal of the American Statistical association},
  volume={66},
  number={336},
  pages={846--850},
  year={1971},
  publisher={Taylor \& Francis Group}
}
% Attractor - Modularity
@article{newman2006modularity,
  title={Modularity and community structure in networks},
  author={Newman, Mark EJ},
  journal={Proceedings of the National Academy of Sciences},
  volume={103},
  number={23},
  pages={8577--8582},
  year={2006},
  publisher={National Acad Sciences}
}

% Attractor - Ncut
@article{shi2000normalized,
  title={Normalized cuts and image segmentation},
  author={Shi, Jianbo and Malik, Jitendra},
  journal={Pattern Analysis and Machine Intelligence, IEEE Transactions on},
  volume={22},
  number={8},
  pages={888--905},
  year={2000},
  publisher={IEEE}
}
% Attractor - Resolution limit
@article{fortunato2007resolution,
  title={Resolution limit in community detection},
  author={Fortunato, Santo and Barth{\'e}lemy, Marc},
  journal={Proceedings of the National Academy of Sciences},
  volume={104},
  number={1},
  pages={36--41},
  year={2007},
  publisher={National Acad Sciences}
}
% Attractor - communtiey: people share the same interests
@article{james2014sustainable,
  title={Sustainable communities, sustainable development: Other paths for papua new guinea},
  author={James, Paul and Nadarajah, Yaso and Haive, Karen and Stead, Victoria},
  journal={Hawaiian Journal of History},
  volume={48},
  year={2014}
}
% Attractor - cut
@article{wu1993optimal,
  title={An optimal graph theoretic approach to data clustering: Theory and its application to image segmentation},
  author={Wu, Zhenyu and Leahy, Richard},
  journal={Pattern Analysis and Machine Intelligence, IEEE Transactions on},
  volume={15},
  number={11},
  pages={1101--1113},
  year={1993},
  publisher={IEEE}
}
% Attractor - spectral clustering
@article{von2007tutorial,
  title={A tutorial on spectral clustering},
  author={Von Luxburg, Ulrike},
  journal={Statistics and computing},
  volume={17},
  number={4},
  pages={395--416},
  year={2007},
  publisher={Springer}
}
% Attractor - fast newman
@article{newman2004fast,
  title={Fast algorithm for detecting community structure in networks},
  author={Newman, Mark EJ},
  journal={Physical review E},
  volume={69},
  number={6},
  pages={066133},
  year={2004},
  publisher={APS}
}
% Attractor - Louvain
@article{blondel2008fast,
  title={Fast unfolding of communities in large networks},
  author={Blondel, Vincent D and Guillaume, Jean-Loup and Lambiotte, Renaud and Lefebvre, Etienne},
  journal={Journal of Statistical Mechanics: Theory and Experiment},
  volume={2008},
  number={10},
  pages={P10008},
  year={2008},
  publisher={IOP Publishing}
}
% Attractor - Infomap
@article{rosvall2008maps,
  title={Maps of random walks on complex networks reveal community structure},
  author={Rosvall, Martin and Bergstrom, Carl T},
  journal={Proceedings of the National Academy of Sciences},
  volume={105},
  number={4},
  pages={1118--1123},
  year={2008},
  publisher={National Acad Sciences}
}
% Attractor - Metis
@article{karypis1998fast,
  title={A fast and high quality multilevel scheme for partitioning irregular graphs},
  author={Karypis, George and Kumar, Vipin},
  journal={SIAM Journal on scientific Computing},
  volume={20},
  number={1},
  pages={359--392},
  year={1998},
  publisher={SIAM}
}
% Attractor - metis
@article{karypis1998multilevelk,
  title={Multilevelk-way partitioning scheme for irregular graphs},
  author={Karypis, George and Kumar, Vipin},
  journal={Journal of Parallel and Distributed computing},
  volume={48},
  number={1},
  pages={96--129},
  year={1998},
  publisher={Elsevier}
}
% Attractor - MCL
@article{van2000cluster,
  title={A cluster algorithm for graphs},
  author={Van Dongen, Stijn},
  journal={Report-Information systems},
  number={10},
  pages={1--40},
  year={2000},
  publisher={Centrum voor Wiskunde en Informatica}
}
% Attractor - LFR benchmark
@article{lancichinetti2008benchmark,
  title={Benchmark graphs for testing community detection algorithms},
  author={Lancichinetti, Andrea and Fortunato, Santo and Radicchi, Filippo},
  journal={Physical review E},
  volume={78},
  number={4},
  pages={046110},
  year={2008},
  publisher={APS}
}
% Attractor - karate
@article{zachary1977information,
  title={An information flow model for conflict and fission in small groups},
  author={Zachary, Wayne W},
  journal={Journal of anthropological research},
  pages={452--473},
  year={1977},
  publisher={JSTOR}
}
% Attractor - football
@article{girvan2002community,
  title={Community structure in social and biological networks},
  author={Girvan, Michelle and Newman, Mark EJ},
  journal={Proceedings of the National Academy of Sciences},
  volume={99},
  number={12},
  pages={7821--7826},
  year={2002},
  publisher={National Acad Sciences}
}
% Attractor - Jure
@article{yang2015defining,
  title={Defining and evaluating network communities based on ground-truth},
  author={Yang, Jaewon and Leskovec, Jure},
  journal={Knowledge and Information Systems},
  volume={42},
  number={1},
  pages={181--213},
  year={2015},
  publisher={Springer}
}
% Attractor - hepth
@article{leskovec2007graph,
  title={Graph evolution: Densification and shrinking diameters},
  author={Leskovec, Jure and Kleinberg, Jon and Faloutsos, Christos},
  journal={ACM Transactions on Knowledge Discovery from Data (TKDD)},
  volume={1},
  number={1},
  pages={2},
  year={2007},
  publisher={ACM}
}
% Attractor - Graph clustering
% Attractor - Graph clustering
% Attractor - Graph clustering
% Attractor - Graph clustering
% Attractor - Graph clustering
% Attractor - Graph clustering
% Attractor - Graph clustering
% Attractor - Graph clustering
% Attractor - Graph clustering
% Attractor - Graph clustering
% Attractor - Graph clustering
% Attractor - Graph clustering
% Attractor - Graph clustering
% Attractor - Graph clustering
% Attractor - Graph clustering
% Attractor - Graph clustering
% Attractor - Graph clustering


% Similarity - Mobility Network 1
@article{song2010limits,
  title={Limits of predictability in human mobility},
  author={Song, Chaoming and Qu, Zehui and Blumm, Nicholas and Barab{\'a}si, Albert-L{\'a}szl{\'o}},
  journal={Science},
  volume={327},
  number={5968},
  pages={1018--1021},
  year={2010},
  publisher={American Association for the Advancement of Science}
}
% Similarity - Mobility Network 2
@article{yan2013diversity,
  title={Diversity of individual mobility patterns and emergence of aggregated scaling laws},
  author={Yan, Xiao-Yong and Han, Xiao-Pu and Wang, Bing-Hong and Zhou, Tao},
  journal={Scientific reports},
  volume={3},
  year={2013},
  publisher={Nature Publishing Group}
}
% Similarity - yu zheng (book)
@book{zheng2011computing,
  title={Computing with spatial trajectories},
  author={Zheng, Yu and Zhou, Xiaofang},
  year={2011},
  publisher={Springer Science \& Business Media}
}
% Similarity - similarity compare
@inproceedings{wang2013effectiveness,
  title={An effectiveness study on trajectory similarity measures},
  author={Wang, Haozhou and Su, Han and Zheng, Kai and Sadiq, Shazia and Zhou, Xiaofang},
  booktitle={Proceedings of the Twenty-Fourth Australasian Database Conference-Volume 137},
  pages={13--22},
  year={2013},
  organization={Australian Computer Society, Inc.}
}
% Similarity - DTW data mining
@inproceedings{keogh2001derivative,
  title={Derivative Dynamic Time Warping.},
  author={Keogh, Eamonn J and Pazzani, Michael J},
  booktitle={SDM},
  volume={1},
  pages={5--7},
  year={2001},
  organization={SIAM}
}
% Similarity - DTW survey
@article{senin2008dynamic,
  title={Dynamic time warping algorithm review},
  author={Senin, Pavel},
  journal={Information and Computer Science Department University of Hawaii at Manoa Honolulu, USA},
  pages={1--23},
  year={2008}
}
% Similarity - DTW Fast
@article{salvador2007toward,
  title={Toward accurate dynamic time warping in linear time and space},
  author={Salvador, Stan and Chan, Philip},
  journal={Intelligent Data Analysis},
  volume={11},
  number={5},
  pages={561--580},
  year={2007},
  publisher={IOS Press}
}
% Similarity - dynamic programming
@article{itakura1975minimum,
  title={Minimum prediction residual principle applied to speech recognition},
  author={Itakura, Fumitada},
  journal={Acoustics, Speech and Signal Processing, IEEE Transactions on},
  volume={23},
  number={1},
  pages={67--72},
  year={1975},
  publisher={IEEE}
}
% Similarity - DTW figure
@article{chen2013dynamic,
  title={A Dynamic Time Warping based Algorithm for Trajectory Matching in LBS.},
  author={Chen, Peng and Gu, Junzhong and Zhu, Dehui and Shao, Fei},
  journal={International Journal of Database Theory \& Application},
  volume={6},
  number={3},
  year={2013}
}
% Similarity - edit distance mobile phone
@inproceedings{yuan2012similarity,
  title={Similarity measurement of mobile phone user trajectories--a modified edit distance method},
  author={Yuan, Yihong and Raubal, Martin},
  booktitle={Workshop on “Progress in Movement Analysis--Experiences with Real Data},
  pages={15--16},
  year={2012}
}
% Similarity - edit distance
@inproceedings{chen2004marriage,
  title={On the marriage of lp-norms and edit distance},
  author={Chen, Lei and Ng, Raymond},
  booktitle={Proceedings of the Thirtieth international conference on Very large data bases-Volume 30},
  pages={792--803},
  year={2004},
  organization={VLDB Endowment}
}

% Similarity - edit distance
@inproceedings{chen2005robust,
  title={Robust and fast similarity search for moving object trajectories},
  author={Chen, Lei and {\"O}zsu, M Tamer and Oria, Vincent},
  booktitle={Proceedings of the 2005 ACM SIGMOD international conference on Management of data},
  pages={491--502},
  year={2005},
  organization={ACM}
}
% Similarity - edit distance language processing
@book{jurafsky2000speech,
  title={Speech \& language processing},
  author={Jurafsky, Dan and Martin, James H},
  year={2000},
  publisher={Pearson Education India}
}
% Similarity - edit distance DNA
@article{needleman1970general,
  title={A general method applicable to the search for similarities in the amino acid sequence of two proteins},
  author={Needleman, Saul B and Wunsch, Christian D},
  journal={Journal of molecular biology},
  volume={48},
  number={3},
  pages={443--453},
  year={1970},
  publisher={Elsevier}
}
% Similarity - LCSS
@inproceedings{buzan2004extraction,
  title={Extraction and clustering of motion trajectories in video},
  author={Buzan, Dan and Sclaroff, Stan and Kollios, George},
  booktitle={Pattern Recognition, 2004. ICPR 2004. Proceedings of the 17th International Conference on},
  volume={2},
  pages={521--524},
  year={2004},
  organization={IEEE}
}
% Similarity - T-Drive
@inproceedings{yuan2011driving,
  title={Driving with knowledge from the physical world},
  author={Yuan, Jing and Zheng, Yu and Xie, Xing and Sun, Guangzhong},
  booktitle={Proceedings of the 17th ACM SIGKDD international conference on Knowledge discovery and data mining},
  pages={316--324},
  year={2011},
  organization={ACM}
}
% Similarity - T-Drive 2
@inproceedings{yuan2010t,
  title={T-drive: driving directions based on taxi trajectories},
  author={Yuan, Jing and Zheng, Yu and Zhang, Chengyang and Xie, Wenlei and Xie, Xing and Sun, Guangzhong and Huang, Yan},
  booktitle={Proceedings of the 18th SIGSPATIAL International conference on advances in geographic information systems},
  pages={99--108},
  year={2010},
  organization={ACM}
}
% Introduction - survey book
@book{witten2005data,
  title={Data Mining: Practical machine learning tools and techniques},
  author={Witten, Ian H and Frank, Eibe},
  year={2005},
  publisher={Morgan Kaufmann}
}
% Introduction - survey book
@book{han2006data,
  title={Data mining, southeast asia edition: Concepts and techniques},
  author={Han, Jiawei and Kamber, Micheline and Pei, Jian},
  year={2006},
  publisher={Morgan kaufmann}
}
% Introduction - survey paper
@inproceedings{fayyad1996knowledge,
  title={Knowledge Discovery and Data Mining: Towards a Unifying Framework.},
  author={Fayyad, Usama M and Piatetsky-Shapiro, Gregory and Smyth, Padhraic and others},
  booktitle={KDD},
  volume={96},
  pages={82--88},
  year={1996}
}
% Introduction - shao dissertation
@phdthesis{shao2011synchronization,
  title={Synchronization Inspired Data Mining},
  author={Shao, Junming},
  year={2011},
  school={lmu}
}
% Introduction - clustering survey
@article{jain1999data,
  title={Data clustering: a review},
  author={Jain, Anil K and Murty, M Narasimha and Flynn, Patrick J},
  journal={ACM computing surveys (CSUR)},
  volume={31},
  number={3},
  pages={264--323},
  year={1999},
  publisher={Acm}
}
% Introduction - aprior
@inproceedings{agrawal1994fast,
  title={Fast algorithms for mining association rules},
  author={Agrawal, Rakesh and Srikant, Ramakrishnan and others},
  booktitle={Proc. 20th int. conf. very large data bases, VLDB},
  volume={1215},
  pages={487--499},
  year={1994}
}
% Introduction - FP-growth
@inproceedings{han2000mining,
  title={Mining frequent patterns without candidate generation},
  author={Han, Jiawei and Pei, Jian and Yin, Yiwen},
  booktitle={ACM SIGMOD Record},
  volume={29},
  number={2},
  pages={1--12},
  year={2000},
  organization={ACM}
}
% Introduction - algorithms and application
@book{aggarwal2013data,
  title={Data clustering: algorithms and applications},
  author={Aggarwal, Charu C and Reddy, Chandan K},
  year={2013},
  publisher={CRC Press}
}
% Introduction - swarm
@article{li2010swarm,
  title={Swarm: Mining relaxed temporal moving object clusters},
  author={Li, Zhenhui and Ding, Bolin and Han, Jiawei and Kays, Roland},
  journal={Proceedings of the VLDB Endowment},
  volume={3},
  number={1-2},
  pages={723--734},
  year={2010},
  publisher={VLDB Endowment}
}
% Introduction - 2007kdd trajectory mining
@inproceedings{giannotti2007trajectory,
  title={Trajectory pattern mining},
  author={Giannotti, Fosca and Nanni, Mirco and Pinelli, Fabio and Pedreschi, Dino},
  booktitle={Proceedings of the 13th ACM SIGKDD international conference on Knowledge discovery and data mining},
  pages={330--339},
  year={2007},
  organization={ACM}
}
% Introduction - survey book
% Introduction - survey book
% Introduction - survey book
% Introduction - survey book
% Introduction - survey book

